%YAML 1.1
%TAG !u! tag:unity3d.com,2011:
--- !u!1 &134924
GameObject:
  m_ObjectHideFlags: 0
  m_PrefabParentObject: {fileID: 0}
  m_PrefabInternal: {fileID: 100100000}
  serializedVersion: 5
  m_Component:
  - component: {fileID: 402936}
  - component: {fileID: 21217124}
  - component: {fileID: 5071194}
  - component: {fileID: 11478252}
  - component: {fileID: 6102844}
  - component: {fileID: 11403828}
  m_Layer: 10
  m_Name: Crimson_bullet
  m_TagString: bullet
  m_Icon: {fileID: 0}
  m_NavMeshLayer: 0
  m_StaticEditorFlags: 0
  m_IsActive: 1
--- !u!4 &402936
Transform:
  m_ObjectHideFlags: 1
  m_PrefabParentObject: {fileID: 0}
  m_PrefabInternal: {fileID: 100100000}
  m_GameObject: {fileID: 134924}
  m_LocalRotation: {x: 0, y: 0, z: 0, w: 1}
  m_LocalPosition: {x: 0, y: 0, z: 0}
  m_LocalScale: {x: 2, y: 2, z: 2}
  m_Children: []
  m_Father: {fileID: 0}
  m_RootOrder: 0
  m_LocalEulerAnglesHint: {x: 0, y: 0, z: 0}
--- !u!50 &5071194
Rigidbody2D:
  serializedVersion: 4
  m_ObjectHideFlags: 1
  m_PrefabParentObject: {fileID: 0}
  m_PrefabInternal: {fileID: 100100000}
  m_GameObject: {fileID: 134924}
  m_BodyType: 0
  m_Simulated: 1
  m_UseFullKinematicContacts: 0
  m_UseAutoMass: 0
  m_Mass: 1
  m_LinearDrag: 0
  m_AngularDrag: 0.05
  m_GravityScale: 0
  m_Material: {fileID: 0}
  m_Interpolate: 0
  m_SleepingMode: 1
  m_CollisionDetection: 1
  m_Constraints: 4
--- !u!61 &6102844
BoxCollider2D:
  m_ObjectHideFlags: 1
  m_PrefabParentObject: {fileID: 0}
  m_PrefabInternal: {fileID: 100100000}
  m_GameObject: {fileID: 134924}
  m_Enabled: 1
  m_Density: 1
  m_Material: {fileID: 0}
  m_IsTrigger: 1
  m_UsedByEffector: 0
  m_Offset: {x: 0, y: 0}
  serializedVersion: 2
  m_Size: {x: 0.13, y: 0.32}
--- !u!114 &11403828
MonoBehaviour:
  m_ObjectHideFlags: 1
  m_PrefabParentObject: {fileID: 0}
  m_PrefabInternal: {fileID: 100100000}
  m_GameObject: {fileID: 134924}
  m_Enabled: 1
  m_EditorHideFlags: 0
  m_Script: {fileID: 11500000, guid: 19c149e8eebacc3479e6b0812a447a9f, type: 3}
  m_Name: 
  m_EditorClassIdentifier: 
  timeToDie: 5
--- !u!114 &11478252
MonoBehaviour:
  m_ObjectHideFlags: 1
  m_PrefabParentObject: {fileID: 0}
  m_PrefabInternal: {fileID: 100100000}
  m_GameObject: {fileID: 134924}
  m_Enabled: 1
  m_EditorHideFlags: 0
  m_Script: {fileID: 11500000, guid: 7abffb4ef22108543b10fd43da415f99, type: 3}
  m_Name: 
  m_EditorClassIdentifier: 
  timeToDie: 3
  bullet: {fileID: 134924}
  speed: 50
  bulletDamage: 5
  hitSound: {fileID: 8300000, guid: 147b28c17dd02214dba06ef0e94dcda4, type: 3}
  launchSound: {fileID: 8300000, guid: 30ebbdc58e37247488f49fe51a200fc7, type: 3}
--- !u!212 &21217124
SpriteRenderer:
  m_ObjectHideFlags: 1
  m_PrefabParentObject: {fileID: 0}
  m_PrefabInternal: {fileID: 100100000}
  m_GameObject: {fileID: 134924}
  m_Enabled: 1
  m_CastShadows: 0
  m_ReceiveShadows: 0
  m_MotionVectors: 1
  m_LightProbeUsage: 1
  m_ReflectionProbeUsage: 1
  m_Materials:
  - {fileID: 2100000, guid: 107f8b3d85685c9409fe7db94fa73e7d, type: 2}
  m_StaticBatchInfo:
    firstSubMesh: 0
    subMeshCount: 0
  m_StaticBatchRoot: {fileID: 0}
  m_ProbeAnchor: {fileID: 0}
  m_LightProbeVolumeOverride: {fileID: 0}
  m_ScaleInLightmap: 1
  m_PreserveUVs: 0
  m_IgnoreNormalsForChartDetection: 0
  m_ImportantGI: 0
  m_SelectedEditorRenderState: 0
  m_MinimumChartSize: 4
  m_AutoUVMaxDistance: 0.5
  m_AutoUVMaxAngle: 89
  m_LightmapParameters: {fileID: 0}
  m_SortingLayerID: 0
  m_SortingOrder: 0
  m_Sprite: {fileID: 21300000, guid: df0bafceec4ff094d8c0293adc6c0b32, type: 3}
  m_Color: {r: 1, g: 1, b: 1, a: 1}
  m_FlipX: 0
  m_FlipY: 0
--- !u!1001 &100100000
Prefab:
  m_ObjectHideFlags: 1
  serializedVersion: 2
  m_Modification:
    m_TransformParent: {fileID: 0}
    m_Modifications:
    - target: {fileID: 0}
      propertyPath: m_Sprite
      value: 
      objectReference: {fileID: 21300000, guid: df0bafceec4ff094d8c0293adc6c0b32,
        type: 3}
    - target: {fileID: 0}
      propertyPath: m_LocalPosition.x
      value: 0
      objectReference: {fileID: 0}
    - target: {fileID: 0}
      propertyPath: m_LocalPosition.y
      value: 0
      objectReference: {fileID: 0}
    - target: {fileID: 0}
      propertyPath: bulletDamage
      value: 25
      objectReference: {fileID: 0}
    - target: {fileID: 0}
      propertyPath: m_Materials.Array.data[0]
      value: 
      objectReference: {fileID: 2100000, guid: 107f8b3d85685c9409fe7db94fa73e7d, type: 2}
    - target: {fileID: 0}
      propertyPath: m_audioClip
      value: 
      objectReference: {fileID: 8300000, guid: 30ebbdc58e37247488f49fe51a200fc7, type: 3}
    - target: {fileID: 0}
      propertyPath: m_Volume
      value: .0500000007
      objectReference: {fileID: 0}
    - target: {fileID: 0}
      propertyPath: hitSound
      value: 
      objectReference: {fileID: 8300000, guid: 147b28c17dd02214dba06ef0e94dcda4, type: 3}
    - target: {fileID: 0}
      propertyPath: m_Layer
      value: 10
      objectReference: {fileID: 0}
    - target: {fileID: 0}
      propertyPath: m_Interpolate
      value: 2
      objectReference: {fileID: 0}
    - target: {fileID: 0}
      propertyPath: m_Enabled
      value: 0
      objectReference: {fileID: 0}
    - target: {fileID: 0}
      propertyPath: panLevelCustomCurve.m_RotationOrder
      value: 0
      objectReference: {fileID: 0}
    - target: {fileID: 0}
      propertyPath: reverbZoneMixCustomCurve.m_RotationOrder
      value: 0
      objectReference: {fileID: 0}
    - target: {fileID: 0}
      propertyPath: launchSound
      value: 
      objectReference: {fileID: 8300000, guid: 30ebbdc58e37247488f49fe51a200fc7, type: 3}
    - target: {fileID: 0}
      propertyPath: speed
      value: 50
      objectReference: {fileID: 0}
    m_RemovedComponents: []
  m_ParentPrefab: {fileID: 0}
  m_RootGameObject: {fileID: 134924}
  m_IsPrefabParent: 1
